@Misc{xml,
	title = {Extensible Markup Language (\textsc{xml})},
	year = {2006},
	url = {http://www.w3.org/TR/2006/REC-xml-20060816}
}

@Misc{ css,
  title = {Cascading Style Sheets (\textsc{css}) 2.1},
  year = {2007},
  url = {http://www.w3.org/TR/2007/CR-CSS21-20070719}
}

@Misc{ html,
  title = {HyperText Markup Language (\textsc{html}) 4.01},
  year = {2007},
  url = {http://www.w3.org/TR/1999/REC-html401-19991224}
}

@Misc{ xhtml11,
  title = { The Extensible HyperText Markup Language  (\textsc{xhtml}) 1.1},
  year = {2007},
  url = {http://www.w3.org/TR/2007/WD-xhtml11-20070216}
}

@Misc{ xhtml1,
  title = { The Extensible HyperText Markup Language  (\textsc{xhtml}) 1.0},
  year = {2007},
  url = {http://www.w3.org/TR/2002/REC-xhtml1-20020801}
}

@Book{bazar,
  author = 	 {Raymond, Eric S.},  
  title = 	 {A katedrális és a bazár},
  publisher = 	 {O'Reilly, Kiskapu Kft.},
  year = 	 {2004},
}

@Misc{bazar-web,
  author = 	 {Raymond, Eric S.},
  title = 	 {The Chatedral and the Bazaar},
  year = 	 {2007},
  url       =    {http://www.catb.org/~esr/writings/cathedral-bazaar/}
}

@Misc{ajax,
  title = 	 {\textsc{ajax}},
  year = 	 {2007},
  url       =    {http://hu.wikipedia.org/wiki/Ajax}
}

@Misc{perl,
  title = 	 {Perl},
  year = 	 {2007}, 
  url       =    {http://www.perl.org/}
}

@Book{unix-os,
  author = 	 {Kernighan, B. W. and Pike, R.},
  title = 	 {A \textsc{unix} operációs rendszer},
  publisher = 	 {Műszaki Könyvkiadó, Budapest},
  year = 	 {1984},
  edition = 	 {3},
}

@Misc{fhs,
  title = 	 {Filesystem Hierarchy Standard (\textsc{fhs})},
  year = 	 {2007}, 
  url       =    {http://www.pathname.com/fhs/}
}

@Misc{ grsecurity,
  title = {grsecurity},
  year = {2008},
  url = {http://.../}
}

@Misc{ pax,
  title = {{PaX}},
  year = {2008},
  url = {htp://.../}
}

@Misc{ posix:shell,
  title = {\textsc{posix} shell},
  year = {2008},
  url = {htp://.../}
}
